%%
%% This is file `bibliography.bib',
%% generated with the docstrip utility.
%%
%% The original source files were:
%%
%% agh-wi.dtx  (with options: `bibliography')
%% ----------------------------------------------------------------
%% agh-wi --- Diploma thesis template for students of the Faculty of Computer Science of the AGH University of Krakow
%% email: polak[aT]agh[DoT]edu[DoT]pl
%% GitHub: https://github.com/polaksta
%% Released under the LaTeX Project Public License v1.3c or later
%% See http://www.latex-project.org/lppl.txt
%% ----------------------------------------------------------------
%% 
@online{algorithm2e,
  title = {algorithm2e.sty — package for algorithms},
  url   = {http://mirrors.ctan.org/macros/latex/contrib/algorithm2e/doc/algorithm2e.pdf}
}

@online{listings,
  title = {The Listings Package},
  url   = {http://mirrors.ctan.org/macros/latex/contrib/listings/listings.pdf}
}

@online{minted,
  title = {The minted package: Highlighted source code in \LaTeX},
  url   = {http://mirrors.ctan.org/macros/latex/contrib/minted/minted.pdf}
}

@online{amsmath,
  title = {User’s Guide for the amsmath Package},
  url   = {http://mirrors.ctan.org/macros/latex/required/amsmath/amsldoc.pdf}
}

@online{graphicx,
  title = {Packages in the ‘graphics’ bundle},
  url   = {http://mirrors.ctan.org/macros/latex/required/graphics/grfguide.pdf}
}

@online{tikz,
  title = {The TikZ and PGF Packages},
  url   = {http://mirrors.ctan.org/graphics/pgf/base/doc/pgfmanual.pdf}
}

@online{beamer,
  title = {The beamer class},
  url   = {http://mirrors.ctan.org/macros/latex/contrib/beamer/doc/beameruserguide.pdf}
}

@online{tabularx,
  title = {The tabularx package},
  url   = {http://mirrors.ctan.org/macros/latex/required/tools/tabularx.pdf}
}

@online{longtable,
  title = {The longtable package},
  url   = {http://mirrors.ctan.org/macros/latex/required/tools/longtable.pdf}
}

@online{pygments,
  title = {Strona WWW biblioteki \mkbibquote{Pygments}},
  url   = {https://pygments.org/}
}

% NOTACJE
@online{beethoven,
  title  = {Beethoven Symphony No. 7, Movement 2 in ABC},
  url    = {https://www.ucolick.org/~sla/abcmusic/sym7mov2.html},
  author = {Steve Allen}
}

% DATASETS
@inproceedings{milionsongs,
  author    = {Thierry Bertin-Mahieux and Daniel P.W. Ellis and Brian Whitman and Paul Lamere},
  title     = {The Million Song Dataset},
  booktitle = {{Proceedings of the 12th International Conference on Music Information
               Retrieval ({ISMIR} 2011)}},
  year      = {2011},
  owner     = {thierry},
  timestamp = {2010.03.07}
}

@inproceedings{maestrov3,
  title     = {Enabling Factorized Piano Music Modeling and Generation with the {MAESTRO} Dataset},
  author    = {Curtis Hawthorne and Andriy Stasyuk and Adam Roberts and Ian Simon and Cheng-Zhi Anna Huang and Sander Dieleman and Erich Elsen and Jesse Engel and Douglas Eck},
  booktitle = {International Conference on Learning Representations},
  year      = {2019},
  url       = {https://openreview.net/forum?id=r1lYRjC9F7}
}

@misc{bachchorales,
  author       = {Conklin,Darrell},
  title        = {{Bach Chorales}},
  howpublished = {UCI Machine Learning Repository},
  note         = {{DOI}: https://doi.org/10.24432/C5GC7P}
}

%Tokenizacja
@inproceedings{miditok2021,
  title     = {{MidiTok}: A Python package for {MIDI} file tokenization},
  author    = {Fradet, Nathan and Briot, Jean-Pierre and Chhel, Fabien and El Fallah Seghrouchni, Amal and Gutowski, Nicolas},
  booktitle = {Extended Abstracts for the Late-Breaking Demo Session of the 22nd International Society for Music Information Retrieval Conference},
  year      = {2021},
  url       = {https://archives.ismir.net/ismir2021/latebreaking/000005.pdf}
}

% MODELE I TAKIE TAM
@misc{attention,
  title         = {Attention Is All You Need},
  author        = {Ashish Vaswani and Noam Shazeer and Niki Parmar and Jakob Uszkoreit and Llion Jones and Aidan N. Gomez and Lukasz Kaiser and Illia Polosukhin},
  year          = {2023},
  eprint        = {1706.03762},
  archiveprefix = {arXiv},
  primaryclass  = {cs.CL}
}

% Reszta jeszcze nie wiem co konkrtetnie
@online{collier_wrongnote,
  title  = {That's not a wrong note, you just lack confidence.},
  url    = {https://www.youtube.com/watch?v=meha_FCcHbo},
  author = {Jacob Collier}
}

@online{tts_arena,
  title = {The TTS Arena},
  url   = {https://huggingface.co/blog/arena-tts}
}

%%%%%%%%%%%%%%%%%%%%%%%%%%%%%%%%%%%%%%%%%%%%%%%%%%%%%%%%%%%%%%%%%%%%%%%%%%%%%
%% 
%% Copyright (C) 2024 by Stanisław Polak <polak[aT]agh[DoT]edu[DoT]pl>
%% 
%% This work may be distributed and/or modified under the conditions of the LaTeX
%% Project Public License (LPPL), either version 1.3c of this license or (at your
%% option) any later version. The latest version of this license is in the file:
%% 
%% http://www.latex-project.org/lppl.txt
%% 
%% This work is "maintained" (as per LPPL maintenance status) by
%% Stanisław Polak.
%% This work consists of the file
%% agh-wi.dtx
%% and the derived files
%% agh-wi.ins,
%% agh-wi.cls,
%% agh-wi.pdf,
%% bibliography.bib, and
%% example.tex.
%% 
%%
%% End of file `bibliography.bib'.